
@misc{cloudflare_what_is_ddos,
  title    = {What is a distributed denial-of-service ({DDoS}) attack?},
  url      = {https://www.cloudflare.com/learning/ddos/what-is-a-ddos-attack/},
  abstract = {A distributed denial-of-service (DDoS) attack is a malicious attempt to disrupt normal traffic to a web property. Learn about DDoS attacks and DDoS protection.},
  language = {en-us},
  urldate  = {2025-01-08},
  file     = {Snapshot:/Users/ricardo/Zotero/storage/ZCWJU8V4/what-is-a-ddos-attack.html:text/html}
}

@misc{fortinet_what_is_ddos,
  title      = {What is a {DDoS} {Attack}? {DDoS} {Meaning}, {Definition} \& {Types}},
  shorttitle = {What is a {DDoS} {Attack}?},
  url        = {https://www.fortinet.com/resources/cyberglossary/ddos-attack},
  abstract   = {Distributed Denial-of-Service (DDoS) attacks can flood your servers and take down online services. Learn more about DDoS Meaning, attack types, and examples.},
  language   = {en},
  urldate    = {2025-01-08},
  journal    = {Fortinet},
  file       = {Snapshot:/Users/ricardo/Zotero/storage/QMBI87PP/ddos-attack.html:text/html}
}

@misc{arnold_rise_2024,
  title      = {The {Rise} of {DDoS} {Attacks}: {A} {Growing} {Threat} to {Cyber} {Security}},
  shorttitle = {The {Rise} of {DDoS} {Attacks}},
  url        = {http://www.redhelix.com/media/ddos-attacks/},
  abstract   = {The number of DDoS attacks per customer grew by 94\% in 2023 compared to 2022, building on the previous year’s growth of 99\%.},
  language   = {en-GB},
  urldate    = {2025-01-08},
  journal    = {Red Helix},
  author     = {Arnold, Lucy},
  month      = sep,
  year       = {2024},
  file       = {Snapshot:/Users/ricardo/Zotero/storage/IXGDNEVX/ddos-attacks.html:text/html}
}

@misc{ibm_what_is_ddos,
  title      = {What {Is} a {DDoS} {Attack}? {\textbar} {IBM}},
  shorttitle = {What {Is} a {DDoS} {Attack}?},
  url        = {https://www.ibm.com/think/topics/ddos},
  abstract   = {DDoS attacks flood websites and other network resources with malicious traffic, making applications and other services unavailable to legitimate users.},
  language   = {en},
  urldate    = {2025-01-08},
  month      = oct,
  year       = {2022},
  file       = {Snapshot:/Users/ricardo/Zotero/storage/USQC77TE/ddos.html:text/html}
}

@misc{sansone_why_2021,
  title    = {Why {DDoS} {Attacks} {Are} {So} {Damaging}},
  url      = {https://www.corero.com/the-damaging-impacts-of-ddos-attacks/},
  abstract = {DDoS attacks are high on the list of dangerous cyber threats, so IT teams must have proper defenses in place to block them. Learn why},
  language = {en-US},
  urldate  = {2025-01-08},
  journal  = {Corero Network Security},
  author   = {Sansone, Isabella},
  month    = jul,
  year     = {2021},
  file     = {Snapshot:/Users/ricardo/Zotero/storage/EWC3AKE7/the-damaging-impacts-of-ddos-attacks.html:text/html}
}

@misc{esecurityplanet_types_of_ddos_attacks,
  title    = {Complete {Guide} to the {Types} of {DDoS} {Attacks}},
  url      = {https://www.esecurityplanet.com/networks/types-of-ddos-attacks/},
  abstract = {Learn about the different types of distributed denial of service (DDoS) attacks - and how to protect your website from harm.},
  language = {en-US},
  urldate  = {2025-01-08},
  journal  = {eSecurity Planet},
  author   = {Kime, Chad},
  month    = dec,
  year     = {2022},
  file     = {Snapshot:/Users/ricardo/Zotero/storage/7UK342YH/types-of-ddos-attacks.html:text/html}
}

@misc{connectwise_types_of_ddos_attacks,
  title    = {Different {Types} of {DDoS} {Attacks} {Explained} {\textbar} {ConnectWise}},
  url      = {https://www.connectwise.com/blog/cybersecurity/types-of-ddos-attacks},
  abstract = {Learn about the different types of DDoS attacks and how to protect your clients against the most common threats.},
  language = {en-US},
  urldate  = {2025-01-08},
  month    = aug,
  year     = {2023},
  file     = {Snapshot:/Users/ricardo/Zotero/storage/S3AISQBZ/types-of-ddos-attacks.html:text/html}
}

@misc{noauthor_what_nodate,
  title    = {What is a {DDoS} {Attack}?},
  url      = {https://sucuri.net/guides/what-is-a-ddos-attack/},
  abstract = {Learn the difference between DoS and DDoS, signs and symptoms of a denial-of-service attack, and how to secure, maintain and protect your site from DDoS attacks with our in-depth guide.},
  language = {en-US},
  urldate  = {2025-01-08},
  journal  = {Sucuri},
  file     = {Snapshot:/Users/ricardo/Zotero/storage/WLX9YSDX/what-is-a-ddos-attack.html:text/html}
}

@misc{noauthor_reasons_2022,
  title      = {Reasons for {DDoS} — {Why} {Do} {Hackers} {Attack}? {\textbar} {StormWall}},
  shorttitle = {Reasons for {DDoS} — {Why} {Do} {Hackers} {Attack}?},
  url        = {https://stormwall.network/resources/blog/why-do-ddos-attacks-happen},
  abstract   = {Although DDoS attacks are often carried out by bots, the initiators are humans. Read our article to learn about personal reasons for DDoS attacks.},
  language   = {en-US},
  urldate    = {2025-01-08},
  month      = aug,
  year       = {2022},
  file       = {Snapshot:/Users/ricardo/Zotero/storage/DJ6RLG5D/why-do-ddos-attacks-happen.html:text/html}
}

@misc{brodsky_psychology_2020,
  title      = {The {Psychology} {Behind} {DDoS}: {Motivations} and {Methods}},
  shorttitle = {The {Psychology} {Behind} {DDoS}},
  url        = {https://www.perimeter81.com/blog/network/the-psychology-behind-ddos-attacks},
  abstract   = {Explore the anatomy of a standard DDoS attack and discover the various motivations and psychology behind these devastatinge events.},
  language   = {en},
  urldate    = {2025-01-08},
  journal    = {Perimeter 81},
  author     = {Brodsky, Zev},
  month      = feb,
  year       = {2020},
  file       = {Snapshot:/Users/ricardo/Zotero/storage/A67QC8JH/the-psychology-behind-ddos-attacks.html:text/html}
}

@misc{noauthor_ddos_nodate,
  title      = {{DDoS} {Amplification} {Attacks}: {DNS}, {NTP}, {SNMP} and {STUN} {Amplification}},
  shorttitle = {{DDoS} {Amplification} {Attacks}},
  url        = {https://qrator.net/library/learning-center/Ddos/What-Are-Amplification-DDoS-Attacks},
  abstract   = {An overview of amplification/reflection DDoS attacks, including DNS, NTP, SNMP and STUN amplification. Learn how they work and discover effective protection measures against them.},
  language   = {en},
  urldate    = {2025-01-08},
  file       = {Snapshot:/Users/ricardo/Zotero/storage/UKESQIJS/What-Are-Amplification-DDoS-Attacks.html:text/html}
}

@misc{paloaltonetwork_botnets,
  title    = {What is a {Botnet}?},
  url      = {https://www.paloaltonetworks.com/cyberpedia/what-is-botnet},
  abstract = {Uncover what a botnet is, how it operates, and its role in cyber threats. Ideal for cybersecurity experts keen on fortifying defenses.},
  language = {en-US},
  urldate  = {2025-01-08},
  journal  = {Palo Alto Networks},
  file     = {Snapshot:/Users/ricardo/Zotero/storage/DZYEJBP5/what-is-botnet.html:text/html}
}

@misc{kaspersky_botnets_2017,
  title    = {What is a {Botnet}? {Kaspersky}},
  url      = {https://www.kaspersky.com/resource-center/threats/botnet-attacks},
  language = {en},
  urldate  = {2025-01-08},
  journal  = {/},
  month    = sep,
  year     = {2017},
  note     = {Section: Threats},
  file     = {Snapshot:/Users/ricardo/Zotero/storage/7Q26EX98/botnet-attacks.html:text/html}
}

@misc{noauthor_how_nodate,
  title    = {How to {DDoS} {\textbar} {DoS} and {DDoS} attack tools},
  url      = {https://www.cloudflare.com/learning/ddos/ddos-attack-tools/how-to-ddos/},
  abstract = {Learn how denial-of-service (DoS) and distributed denial-of-service (DDoS) attacks are performed with DoS attack tools, and the legal consequences for carrying out these attacks.},
  language = {en-us},
  urldate  = {2025-01-08},
  file     = {Snapshot:/Users/ricardo/Zotero/storage/S4S5L6DN/how-to-ddos.html:text/html}
}

@misc{cybergc_defending_agaisnt_ddos,
  title    = {Defending against distributed denial of service ({DDoS}) attacks – {ITSM}.80.110},
  url      = {https://www.cyber.gc.ca/en/guidance/defending-against-distributed-denial-service-ddos-attacks-itsm80110},
  abstract = {Defending against distributed denial of service (DDoS) attacks – ITSM.80.110},
  language = {en},
  urldate  = {2025-01-08},
  journal  = {Canadian Centre for Cyber Security},
  author   = {Canada, Communications Security Establishment},
  month    = jan,
  year     = {2024},
  note     = {Last Modified: 2024-02-23},
  file     = {Snapshot:/Users/ricardo/Zotero/storage/EM49LBA6/defending-against-distributed-denial-service-ddos-attacks-itsm80110.html:text/html}
}

@misc{noauthor_what_nodate-1,
  title    = {What is {DDoS} mitigation?},
  url      = {https://www.cloudflare.com/learning/ddos/ddos-mitigation/},
  abstract = {DDoS mitigation keeps websites online during an attack. Learn how to choose the right DDoS mitigation provider.},
  language = {en-us},
  urldate  = {2025-01-08},
  file     = {Snapshot:/Users/ricardo/Zotero/storage/ZR4PD5FJ/ddos-mitigation.html:text/html}
}

@misc{zenamor_differences_dos_and_ddos,
  title      = {{DoS} and {DDoS} {Attacks}. {What} are {Their} {Differences}? - zenarmor.com},
  shorttitle = {{DoS} and {DDoS} {Attacks}. {What} are {Their} {Differences}?},
  url        = {https://www.zenarmor.com/docs/network-security-tutorials/dos-vs-ddos-attacks},
  abstract   = {DoS and DDoS Attacks. What are Their Differences?},
  language   = {en},
  urldate    = {2025-01-09},
  month      = aug,
  year       = {2024},
  file       = {Snapshot:/Users/ricardo/Zotero/storage/IYZYALGP/dos-vs-ddos-attacks.html:text/html}
}

@misc{kaspersky_how_ddos_works,
  title      = {Distributed {Denial} of {Service}: {How} {DDoS} {Attacks} {Work}},
  shorttitle = {Distributed {Denial} of {Service}},
  url        = {https://www.kaspersky.com/resource-center/preemptive-safety/how-does-ddos-attack-work},
  abstract   = {A distributed denial of service (DDoS) attack is a brute-force attempt to slow down or completely crash a server. Any denial of service represents a serious risk},
  language   = {en},
  urldate    = {2025-01-09},
  journal    = {/},
  month      = jun,
  year       = {2018},
  note       = {Section: Pre-emptive Safety},
  file       = {Snapshot:/Users/ricardo/Zotero/storage/2MWXX92L/how-does-ddos-attack-work.html:text/html}
}

@misc{aws_ddos_2020,
  title    = {{AWS} hit by {Largest} {Reported} {DDoS} {Attack} of 2.3 {Tbps}},
  url      = {https://www.a10networks.com/blog/aws-hit-by-largest-reported-ddos-attack-of-2-3-tbps/},
  abstract = {We have reached another milestone with the largest DDoS attack on record being reported by Amazon Web Services (AWS) at 2.3 Tbps in Q1 2020.},
  language = {en},
  urldate  = {2025-01-09},
  journal  = {A10 Networks},
  author   = {Nicholson, Paul},
  month    = jun,
  year     = {2020},
  file     = {Snapshot:/Users/ricardo/Zotero/storage/UC8NZV35/aws-hit-by-largest-reported-ddos-attack-of-2-3-tbps.html:text/html}
}

@misc{what_is_rudy,
  title      = {What is {R}.{U}.{D}.{Y}. ({R}-{U}-{Dead}-{Yet}?) {\textbar} {DDoS} {Tools} {\textbar} {Imperva}},
  shorttitle = {What is {R}.{U}.{D}.{Y}. ({R}-{U}-{Dead}-{Yet}?},
  url        = {https://www.imperva.com/learn/ddos/rudy-r-u-dead-yet/},
  abstract   = {R.U.D.Y. (short for R-U-Dead-Yet?) is a DoS tool used to execute slow-rate attacks, which is implemented via long form field submissions.},
  language   = {en-US},
  urldate    = {2025-01-09},
  journal    = {Learning Center},
  file       = {Snapshot:/Users/ricardo/Zotero/storage/7R7KMU5E/rudy-r-u-dead-yet.html:text/html}
}
